@INPROCEEDINGS{ksj98,   
AUTHOR = "Karen Sparck-Jones",                                              
TITLE = "Automatic summarizing: factors and directions",                    
BOOKTITLE = "Advances in automatic text summarization, eds. Mani and Maybury",
YEAR = "1998"                                                               
}

@techreport{frank2012building,
      title={Building an entity-centric stream filtering test collection for TREC 2012},
        author={Frank, John R and Kleiman-Weiner, Max and Roberts, Daniel A and Niu, Feng and Zhang, Ce and R{\'e}, Christopher and Soboroff, Ian},
          year={2012},
            institution={DTIC Document}
}


@article{graff2003english,
title={English gigaword corpus},
        author={Graff, David and Cieri, C},
          journal={Linguistic Data Consortium},
            year={2003}
}


@inproceedings{lin2011class,
title={A class of submodular functions for document summarization},
author={Lin, Hui and Bilmes, Jeff},
booktitle={Proceedings of the 49th Annual Meeting of the Association for Computational Linguistics: Human Language Technologies-Volume 1},
pages={510--520},
year={2011},
organization={Association for Computational Linguistics}
}


@inproceedings{haghighi2009exploring,
title={Exploring content models for multi-document summarization},
author={Haghighi, Aria and Vanderwende, Lucy},
booktitle={Proceedings of Human Language Technologies: The 2009 Annual Conference of the North American Chapter of the Association for Computational Linguistics},
pages={362--370},
year={2009},
organization={Association for Computational Linguistics}
}

@inproceedings{palen2010vision,
    title={A vision for technology-mediated support for public participation \& assistance in mass emergencies \& disasters},
    author={Palen, Leysia and Anderson, Kenneth M and Mark, Gloria and Martin, James and Sicker, Douglas and Palmer, Martha and Grunwald, Dirk},
    booktitle={Proceedings of the 2010 ACM-BCS visions of computer science conference},
    pages={8},
    year={2010},
    organization={British Computer Society}
}

@inproceedings{starbird2013working,
title={Working and sustaining the virtual Disaster Desk},
author={Starbird, Kate and Palen, Leysia},
booktitle={Proceedings of the 2013 conference on Computer supported cooperative work},
pages={491--502},
year={2013},
organization={ACM}
}

@article{nenkova2005impact,
  title={The impact of frequency on summarization},
    author={Nenkova, Ani and Vanderwende, Lucy},
      journal={Microsoft Research, Redmond, Washington, Tech. Rep. MSR-TR-2005-101},
        year={2005}
}

@inproceedings{lin2000automated,
  title={The automated acquisition of topic signatures for text summarization},
    author={Lin, Chin-Yew and Hovy, Eduard},
      booktitle={Proceedings of the 18th conference on Computational linguistics-Volume 1},
        pages={495--501},
          year={2000},
            organization={Association for Computational Linguistics}
}

@inproceedings{hatzivassiloglou2001simfinder,
  title={Simfinder: A flexible clustering tool for summarization},
    author={Hatzivassiloglou, Vasileios and Klavans, Judith L and Holcombe, Melissa L and Barzilay, Regina and Kan, Min-Yen and McKeown, Kathleen},
      year={2001},
        organization={Proceedings of the NAACL Workshop on Automatic Summarizatio}
}

@inproceedings{siddharthan2004syntactic,
  title={Syntactic simplification for improving content selection in multi-document summarization},
    author={Siddharthan, Advaith and Nenkova, Ani and McKeown, Kathleen},
      booktitle={Proceedings of the 20th international conference on Computational Linguistics},
        pages={896},
          year={2004},
            organization={Association for Computational Linguistics}
}

@article{conroy2001using,
  title={Using $\{$HMM$\}$ and Logistic Regression to Generate Extract Summaries for $\{$DUC$\}$},
    author={Conroy, James M and Schlesinger, Jjudith D and Dianne, PO and Okurowski, Mary E and others},
      year={2001}
}

@inproceedings{kupiec1995trainable,
  title={A trainable document summarizer},
    author={Kupiec, Julian and Pedersen, Jan and Chen, Francine},
      booktitle={Proceedings of the 18th annual international ACM SIGIR conference on Research and development in information retrieval},
        pages={68--73},
          year={1995},
            organization={ACM}
}

@inproceedings{mckeown1999towards,
  title={Towards multidocument summarization by reformulation: Progress and prospects},
    author={McKeown, Kathleen and Klavans, Judith and Hatzivassiloglou, Vasileios and Barzilay, Regina and Eskin, Eleazar},
      booktitle={AAAI/IAAI},
        pages={453--460},
          year={1999}
}


@inproceedings{hovy1998automated,
  title={Automated text summarization and the SUMMARIST system},
    author={Hovy, Eduard and Lin, Chin-Yew},
      booktitle={Proceedings of a workshop on held at Baltimore, Maryland: October 13-15, 1998},
        pages={197--214},
          year={1998},
            organization={Association for Computational Linguistics}
}

@inproceedings{chambers2009unsupervised,
  title={Unsupervised learning of narrative schemas and their participants},
  author={Chambers, Nathanael and Jurafsky, Dan},
  booktitle={Proceedings of the Joint Conference of the 47th Annual Meeting of the ACL and the 4th International Joint Conference on Natural Language Processing of the AFNLP: Volume 2-Volume 2},
  pages={602--610},
  year={2009},
  organization={Association for Computational Linguistics}
}

@inproceedings{Filatova&Hatzivassiloglou.04a,
  author = "Filatova, Elena and Hatzivassiloglou, Vasileios",
  title = "Event-Based Extractive Summarization",
  booktitle = "ACL Workshop on Summarization, Barcelona, Spain",
  pdf = "http://www.cs.columbia.edu/nlp/papers/2004/filatova_hatzivassiloglou_04a.pdf",
  postscript = "http://www.cs.columbia.edu/nlp/papers/2004/filatova_hatzivassiloglou_04a.ps.gz",
  year = 2004
}

@inproceedings{Wang&al.11,
  title = "Identifying Event Descriptions using Co-training with Online News Summaries",
  author = "Wang, William Yang and Thadani, Kapil and McKeown, Kathleen",
  booktitle = "proceedings of IJCNLP",
  address = "Chiang-Mai, Thailand",
  pdf = "http://www.cs.columbia.edu/nlp/papers/2011/ijcnlp11cotraining.pdf",
  month = "Nov",
  year = "2011",
}

@article{allan1998topic,
  title={Topic detection and tracking pilot study final report},
  author={Allan, James and Carbonell, Jaime G and Doddington, George and Yamron, Jonathan and Yang, Yiming},
  year={1998}
}

@incollection{nenkova2012survey,
  title={A survey of text summarization techniques},
  author={Nenkova, Ani and McKeown, Kathleen},
  booktitle={Mining Text Data},
  pages={43--76},
  year={2012},
  publisher={Springer}
}

@article{radev2004centroid,
  title={Centroid-based summarization of multiple documents},
  author={Radev, Dragomir R and Jing, Hongyan and Sty{\'s}, Ma{\l}gorzata and Tam, Daniel},
  journal={Information Processing \& Management},
  volume={40},
  number={6},
  pages={919--938},
  year={2004},
  publisher={Elsevier}
}

@article{erkan2004lexrank,
  title={LexRank: Graph-based lexical centrality as salience in text summarization},
  author={Erkan, G{\"u}nes and Radev, Dragomir R},
  journal={J. Artif. Intell. Res.(JAIR)},
  volume={22},
  number={1},
  pages={457--479},
  year={2004}
}

@inproceedings{dueck2007non,
  title={Non-metric affinity propagation for unsupervised image categorization},
  author={Dueck, Delbert and Frey, Brendan J},
  booktitle={Computer Vision, 2007. ICCV 2007. IEEE 11th International Conference on},
  pages={1--8},
  year={2007},
  organization={IEEE}
}

@article{frey2007clustering,
title={Clustering by passing messages between data points},
author={Frey, Brendan J and Dueck, Delbert},
journal={science},
volume={315},
number={5814},
pages={972--976},
year={2007},
publisher={American Association for the Advancement of Science}
}

@inproceedings{guo2012simple,
  title={A simple unsupervised latent semantics based approach for sentence similarity},
  author={Guo, Weiwei and Diab, Mona},
  booktitle={Proceedings of the First Joint Conference on Lexical and Computational Semantics-Volume 1: Proceedings of the main conference and the shared task, and Volume 2: Proceedings of the Sixth International Workshop on Semantic Evaluation},
  pages={586--590},
  year={2012},
  organization={Association for Computational Linguistics}
}
@inproceedings{guo:wtmf,
 author = {Guo, Weiwei and Diab, Mona},
 title = {Modeling Sentences in the Latent Space},
 booktitle = {Proceedings of the 50th Annual Meeting of the Association for Computational Linguistics: Long Papers - Volume 1},
 series = {ACL '12},
 year = {2012},
 location = {Jeju Island, Korea},
 pages = {864--872},
 numpages = {9},
 url = {http://dl.acm.org/citation.cfm?id=2390524.2390644},
 acmid = {2390644},
 publisher = {Association for Computational Linguistics},
 address = {Stroudsburg, PA, USA},
} 

@inproceedings{preotiuc2013temporal,
  title={A temporal model of text periodicities using Gaussian Processes.},
  author={Preotiuc-Pietro, Daniel and Cohn, Trevor},
  booktitle={EMNLP},
  pages={977--988},
  year={2013}
}

@inproceedings{stolcke2002srilm,
  title={SRILM-an extensible language modeling toolkit.},
  author={Stolcke, Andreas and others},
  booktitle={INTERSPEECH},
  year={2002}
}

@inproceedings{lin2004rouge,
  title={Rouge: A package for automatic evaluation of summaries},
  author={Lin, Chin-Yew},
  booktitle={Text Summarization Branches Out: Proceedings of the ACL-04 Workshop},
  pages={74--81},
  year={2004}
}

@inproceedings{aslam2013trec,
  title={TREC 2013 Temporal Summarization},
  author={Aslam, Javed and Ekstrand-Abueg, Matthew and Pavlu, Virgil and Diaz, Fernado and Sakai, Tetsuya},
  booktitle={Proceedings of the 22nd Text Retrieval Conference (TREC), November},
  year={2013}
}

@inproceedings{xu2013trec,
  title={HLTCOE Submission at TREC 2013: Temporal Summarization},
  author={Xu, Tan and McNamee, Paul and Oard, Douglas W.},
  booktitle={Proceedings of the 22nd Text Retrieval Conference (TREC), November},
  year={2013}
}

@inproceedings{liu2013ictnet,
  title={ICTNET at Temporal Summarization Track TREC 2013},
  author={Liu, Qian and Liu, Yue and Wu, Dayong and Cheng, Xueqi},
  booktitle={Proceedings of the 22nd Text Retrieval Conference (TREC), November},
  year={2013}
}

@inproceedings{baruah2013univ,
  title={University of Waterloo at the TREC 2013 Temporal Summarization Track},
  author={Baruah, Gaurav and Guttikonda, Rakesh and Vechtomova, Olga},
  booktitle={Proceedings of the 22nd Text Retrieval Conference (TREC), November},
  year={2013}
}

@techreport{frank2012building,
  title={Building an entity-centric stream filtering test collection for TREC 2012},
  author={Frank, John R and Kleiman-Weiner, Max and Roberts, Daniel A and Niu, Feng and Zhang, Ce and R{\'e}, Christopher and Soboroff, Ian},
  year={2012},
  institution={DTIC Document}
}

@article{miller1995wordnet,
  title={WordNet: a lexical database for English},
    author={Miller, George A},
      journal={Communications of the ACM},
        volume={38},
          number={11},
            pages={39--41},
              year={1995},
                publisher={ACM}
}


@incollection{qi:temporal-summarization,
	Author = {Guo, Qi and Diaz, Fernando and Yom-Tov, Elad},
	Booktitle = {Advances in Information Retrieval},
	Editor = {Serdyukov, Pavel and Braslavski, Pavel and Kuznetsov, SergeiO. and Kamps, Jaap and R{\"u}ger, Stefan and Agichtein, Eugene and Segalovich, Ilya and Yilmaz, Emine},
	Pages = {483-494},
	Publisher = {Springer Berlin Heidelberg},
	Series = {Lecture Notes in Computer Science},
	Title = {Updating Users about Time Critical Events},
	Volume = {7814},
	Year = {2013}}

@inproceedings{wang:update-summarization,
	Address = {New York, NY, USA},
	Author = {Wang, Dingding and Li, Tao},
	Booktitle = {Proceedings of the 19th ACM international conference on Information and knowledge management},
	Pages = {279--288},
	Publisher = {ACM},
	Series = {CIKM '10},
	Title = {Document update summarization using incremental hierarchical clustering},
	Year = {2010}}


@inproceedings{mccreadie:temporal-summarization,
	Address = {New York, NY, USA},
	Author = {McCreadie, Richard and Macdonald, Craig and Ounis, Iadh},
	Booktitle = {Proceedings of the 23rd ACM International Conference on Conference on Information and Knowledge Management},
	Pages = {301--310},
	Publisher = {ACM},
	Series = {CIKM '14},
	Title = {Incremental Update Summarization: Adaptive Sentence Selection Based on Prevalence and Novelty},
	Year = {2014}}



@book{rasmussen:gaussian-process-book,
	Author = {Carl Edward Rasmussen and Christopher K. I. Williams},
	Publisher = {The MIT Press},
	Title = {Gaussian Processes for Machine Learning},
	Year = {2006}}
